<record><leader>00000cas a22000007a 4500</leader><controlfield tag="001">10108372</controlfield><controlfield tag="008">831108d18661910pauwr ne      0   a0eng d</controlfield><datafield ind1=" " ind2=" " tag="010"><subfield code="a">sn 83032011 </subfield></datafield><datafield ind1=" " ind2=" " tag="040"><subfield code="a">NPU</subfield><subfield code="b">eng</subfield><subfield code="c">NPU</subfield><subfield code="d">NPX</subfield><subfield code="d">NPH</subfield><subfield code="d">OCLCQ</subfield><subfield code="d">TGN</subfield><subfield code="d">OCLCQ</subfield><subfield code="d">KRTAS</subfield><subfield code="d">DLC</subfield><subfield code="d">OCLCF</subfield></datafield><datafield ind1=" " ind2=" " tag="012"><subfield code="l">a</subfield></datafield><datafield ind1="0" ind2=" " tag="022"><subfield code="a">2166-1839</subfield><subfield code="2">1</subfield></datafield><datafield ind1="1" ind2=" " tag="029"><subfield code="a">AU@</subfield><subfield code="b">000026926019</subfield></datafield><datafield ind1=" " ind2=" " tag="042"><subfield code="a">msc</subfield><subfield code="a">nsdp</subfield></datafield><datafield ind1=" " ind2=" " tag="043"><subfield code="a">n-us-pa</subfield></datafield><datafield ind1="0" ind2="0" tag="050"><subfield code="a">Newspaper</subfield></datafield><datafield ind1="1" ind2="0" tag="082"><subfield code="a">071</subfield><subfield code="2">14</subfield></datafield><datafield ind1="0" ind2=" " tag="130"><subfield code="a">Columbian (Bloomsburg, Pa. : 1866)</subfield></datafield><datafield ind1=" " ind2="4" tag="222"><subfield code="a">The Columbian</subfield><subfield code="b">(Bloomsburg, Pa. 1866)</subfield></datafield><datafield ind1="1" ind2="4" tag="245"><subfield code="a">The Columbian.</subfield></datafield><datafield ind1="1" ind2="7" tag="246"><subfield code="a">Columbian and democrat</subfield></datafield><datafield ind1="1" ind2="7" tag="246"><subfield code="a">Columbian and Bloomsburg democrat</subfield></datafield><datafield ind1=" " ind2=" " tag="260"><subfield code="a">Bloomsburg, Pa. :</subfield><subfield code="b">George H. Moore,</subfield><subfield code="c">-1910.</subfield></datafield><datafield ind1=" " ind2=" " tag="300"><subfield code="a">v. ;</subfield><subfield code="c">74 cm.</subfield></datafield><datafield ind1=" " ind2=" " tag="310"><subfield code="a">Weekly</subfield></datafield><datafield ind1="1" ind2=" " tag="362"><subfield code="a">Began with May 5, 1866 issue.</subfield><subfield code="z">Cf. Beers, J.H. Historical and biographical annals of Columbia and Montour Counties.</subfield></datafield><datafield ind1="0" ind2=" " tag="362"><subfield code="a">-v. 44, no. 14 (Apr. 7, 1910).</subfield></datafield><datafield ind1=" " ind2=" " tag="500"><subfield code="a">Published every Saturday.</subfield></datafield><datafield ind1=" " ind2=" " tag="500"><subfield code="a">Publishers: C.B. Brockway, 1867-&lt;1873&gt;; Henry L. Dieffenbach, &lt;Jan. 23, 1874&gt;; Elwell &amp; Bittenbender, 1879-1910.</subfield></datafield><datafield ind1=" " ind2=" " tag="530"><subfield code="a">Archived issues are available in digital format as part of the Library of Congress Chronicling America online collection.</subfield></datafield><datafield ind1=" " ind2=" " tag="580"><subfield code="a">Absorbed: Bloomsburg democrat, 1869.</subfield></datafield><datafield ind1=" " ind2=" " tag="588"><subfield code="a">Description based on: Vol. 1, no. 21 (Sept. 22, 1866).</subfield></datafield><datafield ind1=" " ind2="0" tag="651"><subfield code="a">Bloomsburg (Pa.)</subfield><subfield code="v">Newspapers.</subfield></datafield><datafield ind1=" " ind2="0" tag="651"><subfield code="a">Columbia County (Pa.)</subfield><subfield code="v">Newspapers.</subfield></datafield><datafield ind1=" " ind2="7" tag="655"><subfield code="a">Newspapers.</subfield><subfield code="2">fast</subfield><subfield code="0">(OCoLC)fst01423814</subfield></datafield><datafield ind1=" " ind2="7" tag="651"><subfield code="a">Pennsylvania</subfield><subfield code="z">Bloomsburg.</subfield><subfield code="2">fast</subfield><subfield code="0">(OCoLC)fst01211983</subfield></datafield><datafield ind1=" " ind2="7" tag="651"><subfield code="a">Pennsylvania</subfield><subfield code="z">Columbia County.</subfield><subfield code="2">fast</subfield><subfield code="0">(OCoLC)fst01211220</subfield></datafield><datafield ind1=" " ind2=" " tag="752"><subfield code="a">United States</subfield><subfield code="b">Pennsylvania</subfield><subfield code="c">Columbia</subfield><subfield code="d">Bloomsburg.</subfield></datafield><datafield ind1="1" ind2="5" tag="780"><subfield code="t">Bloomsburg democrat</subfield><subfield code="x">2330-8567</subfield><subfield code="w">(DLC)sn 85055236</subfield><subfield code="w">(OCoLC)12829821</subfield></datafield><datafield ind1="4" ind2="1" tag="856"><subfield code="u">http://www.loc.gov/chroniclingamerica/lccn/sn83032011/issues</subfield></datafield><datafield ind1=" " ind2=" " tag="938"><subfield code="a">Kirtas Technologies, Inc.</subfield><subfield code="b">KRTS</subfield><subfield code="n">737661</subfield></datafield></record>